@manual{L’Oréal,
  author = {},
  title= "L’Oréal",
  note = "\url{https://fr.wikipedia.org/wiki/L'Oréal}, [Accès le 29-Decembre-2021] ",
}

@manual{NETCore,
  author = {},
  title= "NETCore",
  note = "\url{https://docs.microsoft.com/fr-fr/aspnet/core/introduction-to-aspnet-core}, [Accès le 29-Mars-2022]"
}

@manual{ReactJs,
  author = {},
  title= "ReactJs",
  note = "\url{https://fr.reactjs.org/}, [Accès le 29-Mars-2022]",
}

@manual{VisualStudio,
  author = {},
  title= "VisualStudio",
  note = "\url{https://visualstudio.microsoft.com/fr/}, [Accès le 29-Mars-2022]",
}

@manual{GitLab,
  author = {},
  title= "GitLab",
  note = "\url{https://fr.wikipedia.org/wiki/GitLab}, [Accès le 29-Mars-2022]",
}

@manual{ShareLaTeX,
  author = {},
  title= "ShareLaTeX",
  note = "\url{https://www.overleaf.com/about},[Accès le 29-Mars-2022]",
}

@manual{VsCode,
  author = {},
  title= "VisualStudioCode",
  note = "\url{https://visualstudio.microsoft.com/fr/free-developer-offers/}, [Accès le 29-Mars-2022]"
}

@manual{NVIDIAOptiX,
  author = {},
  title= "NVIDIAOptiX Ray-tracing Sdk",
  note = "\url{https://developer.nvidia.com/blog/optix-sdk-7-1/}, [Accès le 29-Mars-2022]"
}

@manual{WebSocket,
  author = {},
  title= "WebSocket",
  note = "\url{https://fr.wikipedia.org/wiki/WebSocket},[Accès le 29-Mars-2022]"
}

@manual{WebSocket++,
  author = {},
  title= "WebSocket++",
  note = "\url{https://github.com/zaphoyd/websocketpp}, [Accès le 29-Mars-2022]"
}

@manual{Swagger,
  author = {},
  title= "Swagger",
  note = "\url{https://www.ionos.fr/digitalguide/sites-internet/developpement-web/quest-ce-que-swagger/}, [Accès le 29-Mars-2022]"
}

@manual{SignalR,
  author = {},
  title= "SignalR",
  note = "\url{https://docs.microsoft.com/fr-fr/aspnet/signalr/overview/getting-started/introduction-to-signalr}, [Accès le 29-Mars-2022]"
}

@manual{CosmosDB,
  author = {},
  title= "CosmosDB",
  note = "\url{https://azure.microsoft.com/fr-fr/services/cosmos-db/}, [Accès le 29-Mars-2022]"
}

@manual{Reactjs.NET,
  author = {},
  title= "Reactjs.NET",
  note = "\url{https://www.reactjs.net}, [Accès le 29-Mars-2022]"
}


